<?xml version="1.0" encoding="UTF-8"?><collection xmlns="http://www.loc.gov/MARC21/slim"><record><leader>00354nam--2200145-i-4500</leader><controlfield tag="001">000007151</controlfield><controlfield tag="002">20161230</controlfield><controlfield tag="005">20170114221414</controlfield><controlfield tag="008">060222s1000------------r-----000-0-eng-d</controlfield><datafield ind1=" " ind2=" " tag="100"><subfield code="a">Caldin, E. F</subfield></datafield><datafield ind1=" " ind2=" " tag="245"><subfield code="a">Fast reactions in solution</subfield></datafield><datafield ind1=" " ind2=" " tag="260"><subfield code="a">Oxford</subfield><subfield code="b">Blackwell Sci.Publ</subfield><subfield code="c">1964</subfield></datafield><datafield ind1=" " ind2=" " tag="300"><subfield code="a">X+306 p</subfield></datafield><datafield ind1=" " ind2=" " tag="852"><subfield code="a">21173</subfield></datafield><datafield ind1=" " ind2=" " tag="CAT"><subfield code="a">SYS</subfield><subfield code="c">20170114</subfield><subfield code="h">221414</subfield></datafield></record></collection>